@book{titterton2004strapdown,
  title={Strapdown inertial navigation technology},
  author={Titterton, David and Weston, John L},
  volume={17},
  year={2004},
  publisher={IET}
}

@inproceedings{kain1989rapid,
  title={Rapid transfer alignment for tactical weapon applications},
  author={Kain, James and Cloutier, James},
  booktitle={Guidance, Navigation and Control Conference},
  pages={3581},
  year={1989}
}

@article{dai2019rapid,
  title={Rapid Transfer Alignment of SINS with Measurement Packet Dropping-based on a Novel Suboptimal Estimator},
  author={Dai, Hongde and Li, Juan and Tang, Liang and Wang, Xibin},
  journal={Defence Science Journal},
  volume={69},
  number={4},
  pages={320--327},
  year={2019},
  publisher={Defence Scientific Information \& Documentation Centre}
}

@article{reddy2013advanced,
  title={Advanced navigation system for aircraft applications},
  author={Reddy, G Satheesh and Saraswat, VK},
  journal={Defence Science Journal},
  volume={63},
  number={2},
  pages={131--137},
  year={2013}
}
@inproceedings{rogers1997comparison,
  title={Comparison of inertial navigation system error models in application to IMU transfer alignment},
  author={Rogers, Robert and Rogers, Robert},
  booktitle={Guidance, Navigation, and Control Conference},
  pages={3599},
  year={1997}
}

@inproceedings{xiong2006observability,
  title={Observability analysis of INS rapid transfer alignment},
  author={Xiong, Zhilan and Sun, Feng and Nie, Qi},
  booktitle={2006 6th World Congress on Intelligent Control and Automation},
  volume={1},
  pages={1664--1668},
  year={2006},
  organization={IEEE}
}

@inproceedings{jones1993transfer,
  title={Transfer alignment design and evaluation environment},
  author={Jones, David and Roberts, Chris and Tarrant, David and Yang, Chun and Lin, Ching-Fang},
  booktitle={Proceedings. The First IEEE Regional Conference on Aerospace Control Systems,},
  pages={753--757},
  year={1993},
  organization={IEEE}
}
@inproceedings{tarrant1993rapid,
  title={Rapid and robust transfer alignment},
  author={Tarrant, D and Roberts, Chris and Jones, David and Yang, Chun and Lin, Ching-Fang},
  booktitle={Proceedings. The First IEEE Regional Conference on Aerospace Control Systems,},
  pages={758--762},
  year={1993},
  organization={IEEE}
}

@inproceedings{yang1993transfer,
  title={Transfer alignment design and evaluation},
  author={Yang, Chun and Lin, Ching-Fang and Tarrant, David and Roberts, Chris and Ruffin, Paul},
  booktitle={Guidance, Navigation and Control Conference},
  pages={3892},
  year={1993}
}

@inproceedings{rogers1996weapon,
  title={Weapon IMU transfer alignment using aircraft position from actual flight tests},
  author={Rogers, Robert M},
  booktitle={Proceedings of Position, Location and Navigation Symposium-PLANS'96},
  pages={328--335},
  year={1996},
  organization={IEEE}
}

@book{gelb1974applied,
  title={Applied optimal estimation},
  author={Gelb, Arthur and others},
  year={1974},
  publisher={MIT press}
}

@inproceedings{hongzhong2011study,
  title={Study on a method of rapid transfer alignment},
  author={Hongzhong, Luan and Yuliang, Mao},
  booktitle={2011 International Conference on Mechatronic Science, Electric Engineering and Computer (MEC)},
  pages={1423--1426},
  year={2011},
  organization={IEEE}
}

@inproceedings{gao2007performance,
  title={Performance comparison of two filtering approaches for INS rapid transfer alignment},
  author={Gao, Wei and Ben, Yueyang and Sun, Feng and Xu, Bo},
  booktitle={2007 International Conference on Mechatronics and Automation},
  pages={1956--1961},
  year={2007},
  organization={IEEE}
}

@inproceedings{hao2006estimation,
  title={Estimation error of INS transfer alignment through observability analysis},
  author={Hao, Yanling and Xiong, Zhilan and Xiong, Baiya},
  booktitle={2006 1st International Symposium on Systems and Control in Aerospace and Astronautics},
  pages={6--pp},
  year={2006},
  organization={IEEE}
}


@article{vaswani2017attention,
  title={Attention is all you need},
  author={Vaswani, A},
  journal={Advances in Neural Information Processing Systems},
  year={2017}
}
